@InProceedings{nips02-CS08,
  author    = "A. C. Courville and D. S. Touretzky",
  original  = "orig/CS08.ps", 
  title     = "Modeling Temporal Structure in Classical Conditioning",
  booktitle = "Advances in Neural Information Processing Systems 14",
  editor    = "T. G. Dietterich and S. Becker and Z. Ghahramani",
  publisher = "MIT Press",
  address   = "Cambridge, MA",
  pages     = "3-10",
  year      = "2002",
}
@InProceedings{nips02-CS01,
  author    = "P. Dayan",
  original  = "orig/CS01.ps",
  title     = "Motivated Reinforcement Learning",
  booktitle = "Advances in Neural Information Processing Systems 14",
  editor    = "T. G. Dietterich and S. Becker and Z. Ghahramani",
  publisher = "MIT Press",
  address   = "Cambridge, MA",
  pages     = "11-18",
  year      = "2002",
}
@InProceedings{nips02-CS03,
  author    = "S. Edelman and B. P. Hiles and H. Yang and N. Intrator",
  original  = "orig/CS03.ps",  
  title     = "Probabilistic principles in unsupervised learning of visual structure: human data and a model",
  booktitle = "Advances in Neural Information Processing Systems 14",
  editor    = "T. G. Dietterich and S. Becker and Z. Ghahramani",
  publisher = "MIT Press",
  address   = "Cambridge, MA",
  pages     = "19-26",
  year      = "2002",
}
@InProceedings{nips02-CS15,
  author    = "D. Jacobs and B. Rokers and A. Rudra and Z. Liu",
  original  = "orig/CS15.ps",  
  title     = "Fragment Completion in Humans and Machines",
  booktitle = "Advances in Neural Information Processing Systems 14",
  editor    = "T. G. Dietterich and S. Becker and Z. Ghahramani",
  publisher = "MIT Press",
  address   = "Cambridge, MA",
  pages     = "27-34",
  year      = "2002",
}
@InProceedings{nips02-CS16,
  author    = "D. Klein and C. D. Manning",
  original  = "orig/CS16.ps",  
  title     = "Natural Language Grammar Induction Using a Constituent-Context Model",
  booktitle = "Advances in Neural Information Processing Systems 14",
  editor    = "T. G. Dietterich and S. Becker and Z. Ghahramani",
  publisher = "MIT Press",
  address   = "Cambridge, MA",
  pages     = "35-42",
  year      = "2002",
}
@InProceedings{nips02-CS11,
  author    = "M. Kositsky and A. G. Barto",
  original  = "orig/CS11.ps",  
  title     = "The Emergence of Multiple Movement Units in the Presence of Noise and Feedback Delay",
  booktitle = "Advances in Neural Information Processing Systems 14",
  editor    = "T. G. Dietterich and S. Becker and Z. Ghahramani",
  publisher = "MIT Press",
  address   = "Cambridge, MA",
  pages     = "43-50",
  year      = "2002",
}
@InProceedings{nips02-CS07,
  author    = "M. C. Mozer and M. D. Colagrosso and D. E. Huber",
  original  = "orig/CS07.ps", 
  title     = "A Rational Analysis of Cognitive Control in a Speeded Discrimination Task",
  booktitle = "Advances in Neural Information Processing Systems 14",
  editor    = "T. G. Dietterich and S. Becker and Z. Ghahramani",
  publisher = "MIT Press",
  address   = "Cambridge, MA",
  pages     = "51-57",
  year      = "2002",
}
@InProceedings{nips02-CS14,
  author    = "S. Narayanan and D. Jurafsky",
  original  = "orig/CS14.ps",  
  title     = "A Bayesian Model Predicts Human Parse Preference and Reading Times in Sentence Processing",
  booktitle = "Advances in Neural Information Processing Systems 14",
  editor    = "T. G. Dietterich and S. Becker and Z. Ghahramani",
  publisher = "MIT Press",
  address   = "Cambridge, MA",
  pages     = "59-65",
  year      = "2002",
}
@InProceedings{nips02-CS12,
  author    = "M. Negishi and S. J. Hanson",
  original  = "orig/CS12.ps",  
  title     = "Grammar Transfer in a Second Order Recurrent Neural Network",
  booktitle = "Advances in Neural Information Processing Systems 14",
  editor    = "T. G. Dietterich and S. Becker and Z. Ghahramani",
  publisher = "MIT Press",
  address   = "Cambridge, MA",
  pages     = "67-73",
  year      = "2002",
}
@InProceedings{nips02-CS10,
  author    = "R. C. O'Reilly and R. S. Busby",
  original  = "orig/CS10.ps",  
  title     = "Generalizable Relational Binding from Coarse-coded Distributed Representations", 
  booktitle = "Advances in Neural Information Processing Systems 14",
  editor    = "T. G. Dietterich and S. Becker and Z. Ghahramani",
  publisher = "MIT Press",
  address   = "Cambridge, MA",
  pages     = "75-82",
  year      = "2002",
}
@InProceedings{nips02-CS04,
  author    = "R. C. O'Reilly and R. Soto",
  original  = "orig/CS04.ps",
  title     = "A Model of the Phonological Loop: Generalization and Binding",
  booktitle = "Advances in Neural Information Processing Systems 14",
  editor    = "T. G. Dietterich and S. Becker and Z. Ghahramani",
  publisher = "MIT Press",
  address   = "Cambridge, MA",
  pages     = "83-90",
  year      = "2002",
}
@InProceedings{nips02-CS06,
  author    = "M. A. Paskin",
  original  = "orig/CS06.ps",  
  title     = "Grammatical Bigrams",
  booktitle = "Advances in Neural Information Processing Systems 14",
  editor    = "T. G. Dietterich and S. Becker and Z. Ghahramani",
  publisher = "MIT Press",
  address   = "Cambridge, MA",
  pages     = "91-97",
  year      = "2002",
}
@InProceedings{nips02-CS09,
  author    = "B. Rehder",
  original  = "orig/CS09.ps",  
  title     = "Causal Categorization with Bayes Nets",
  booktitle = "Advances in Neural Information Processing Systems 14",
  editor    = "T. G. Dietterich and S. Becker and Z. Ghahramani",
  publisher = "MIT Press",
  address   = "Cambridge, MA",
  pages     = "99-105",
  year      = "2002",
}
@InProceedings{nips02-CS05,
  author    = "W. Ruml",
  original  = "orig/CS05.ps",  
  title     = "Constructing Distributed Representations Using Additive Clustering",
  booktitle = "Advances in Neural Information Processing Systems 14",
  editor    = "T. G. Dietterich and S. Becker and Z. Ghahramani",
  publisher = "MIT Press",
  address   = "Cambridge, MA",
  pages     = "107-114",
  year      = "2002",
}
@InProceedings{nips02-CS13,
  author    = "J. L. Shapiro and J. Wearden",
  original  = "orig/CS13.ps",  
  title     = "Reinforcement Learning and Time Perception -- a Model of Animal Experiments", 
  booktitle = "Advances in Neural Information Processing Systems 14",
  editor    = "T. G. Dietterich and S. Becker and Z. Ghahramani",
  publisher = "MIT Press",
  address   = "Cambridge, MA",
  pages     = "115-122",
  year      = "2002",
}
@InProceedings{nips02-CS02,
  author    = "D. Yarlett and M. Ramscar",
  original  = "orig/CS02.ps",  
  title     = "A Quantitative Model of Counterfactual Reasoning",
  booktitle = "Advances in Neural Information Processing Systems 14",
  editor    = "T. G. Dietterich and S. Becker and Z. Ghahramani",
  publisher = "MIT Press",
  address   = "Cambridge, MA",
  pages     = "123-130",
  year      = {2002}
}
@InProceedings{nips02-NS06,
  author    = "G. A. Ascoli and A. V. Samsonovich",
  original  = "orig/NS06.ps",  
  title     = "Bayesian morphometry of hippocampal cells suggests same-cell somatodendritic repulsion",
  booktitle = "Advances in Neural Information Processing Systems 14",
  editor    = "T. G. Dietterich and S. Becker and Z. Ghahramani",
  publisher = "MIT Press",
  address   = "Cambridge, MA",
  pages     = "133-139",
  year      = "2002",
}
@InProceedings{nips02-NS21,
  author    = "A. d'Avella and M. C. Tresch",
  original  = "orig/NS21.ps",
  title     = "Modularity in the motor system: decomposition of muscle patterns as combinations of time-varying synergies",
  booktitle = "Advances in Neural Information Processing Systems 14",
  editor    = "T. G. Dietterich and S. Becker and Z. Ghahramani",
  publisher = "MIT Press",
  address   = "Cambridge, MA",
  pages     = "141-148",
  year      = "2002",
}
@InProceedings{nips02-NS05,
  author    = "J. A. Beintema and A. V. v. d. Berg and M. Lappe",
  original  = "orig/NS05.ps",  
  title     = "Receptive field structure of flow detectors for heading perception",
  booktitle = "Advances in Neural Information Processing Systems 14",
  editor    = "T. G. Dietterich and S. Becker and Z. Ghahramani",
  publisher = "MIT Press",
  address   = "Cambridge, MA",
  pages     = "149-156",
  year      = "2002",
}
@InProceedings{nips02-NS17,
  author    = "B. Blankertz and G. Curio and K.-R. Muller",
  original  = "orig/NS17.ps",  
  title     = "Classifying Single Trial EEG: Towards Brain Computer Interfacing",
  booktitle = "Advances in Neural Information Processing Systems 14",
  editor    = "T. G. Dietterich and S. Becker and Z. Ghahramani",
  publisher = "MIT Press",
  address   = "Cambridge, MA",
  pages     = "157-164",
  year      = "2002",
}
@InProceedings{nips02-NS13,
  author    = "N. Burgess and T. Hartley",
  original  = "orig/NS13.ps",  
  title     = "Orientational and Geometric Determinants of Place and Head-direction",
  booktitle = "Advances in Neural Information Processing Systems 14",
  editor    = "T. G. Dietterich and S. Becker and Z. Ghahramani",
  publisher = "MIT Press",
  address   = "Cambridge, MA",
  pages     = "165-172",
  year      = "2002",
}
@InProceedings{nips02-NS02,
  author    = "G. Chechik and A. Globerson and M.J. Anderson and E.D. Young and I. Nelken and N. Tishby",
  original  = "orig/NS02.ps",  
  title     = "Group Redundancy Measures Reveal Redundancy Reduction in the Auditory Pathway",
  booktitle = "Advances in Neural Information Processing Systems 14",
  editor    = "T. G. Dietterich and S. Becker and Z. Ghahramani",
  publisher = "MIT Press",
  address   = "Cambridge, MA",
  pages     = "173-180",
  year      = "2002",
}
@InProceedings{nips02-NS12,
  author    = "H. Colonius and A. Diederich",
  original  = "orig/NS12.ps",  
  title     = "A Maximum-Likelihood Approach to Modeling Multisensory Enhancement", 
  booktitle = "Advances in Neural Information Processing Systems 14",
  editor    = "T. G. Dietterich and S. Becker and Z. Ghahramani",
  publisher = "MIT Press",
  address   = "Cambridge, MA",
  pages     = "181-187",
  year      = "2002",
}
@InProceedings{nips02-NS15,
  author    = "P. Dayan and A. J. Yu",
  original  = "orig/NS15.ps",  
  title     = "ACh, Uncertainty, and Cortical Inference",
  booktitle = "Advances in Neural Information Processing Systems 14",
  editor    = "T. G. Dietterich and S. Becker and Z. Ghahramani",
  publisher = "MIT Press",
  address   = "Cambridge, MA",
  pages     = "189-196",
  year      = "2002",
}
@InProceedings{nips02-NS22,
  author    = "O. Donchin and R. Shadmehr",
  original  = "orig/NS22.ps",  
  title     = "Linking Motor Learning to Function Approximation: Learning in an Unlearnable Force Field",
  booktitle = "Advances in Neural Information Processing Systems 14",
  editor    = "T. G. Dietterich and S. Becker and Z. Ghahramani",
  publisher = "MIT Press",
  address   = "Cambridge, MA",
  pages     = "197-203",
  year      = "2002",
}
@InProceedings{nips02-NS18,
  author    = "J. Eggert and B. Bauml",
  original  = "orig/NS18.ps",  
  title     = "Exact differential equation population dynamics for integrate-and-fire neurons", 
  booktitle = "Advances in Neural Information Processing Systems 14",
  editor    = "T. G. Dietterich and S. Becker and Z. Ghahramani",
  publisher = "MIT Press",
  address   = "Cambridge, MA",
  pages     = "205-212",
  year      = "2002",
}
@InProceedings{nips02-NS09,
  author    = "Y. Gao and M. J. Black and E. Bienenstock and S. Shoham and J. P. Donoghue",
  original  = "orig/NS09.ps",  
  title     = "Probabilistic Inference of Hand Motion from Neural Activity in Motor Cortex", 
  booktitle = "Advances in Neural Information Processing Systems 14",
  editor    = "T. G. Dietterich and S. Becker and Z. Ghahramani",
  publisher = "MIT Press",
  address   = "Cambridge, MA",
  pages     = "213-220",
  year      = "2002",
}
@InProceedings{nips02-NS04,
  author    = "R. Hahnloser and X. Xie and H. S. Seung",
  original  = "orig/NS04.ps",  
  title     = "A theory of neural integration in the head-direction system",
  booktitle = "Advances in Neural Information Processing Systems 14",
  editor    = "T. G. Dietterich and S. Becker and Z. Ghahramani",
  publisher = "MIT Press",
  address   = "Cambridge, MA",
  pages     = "221-228",
  year      = "2002",
}
@InProceedings{nips02-NS07,
  author    = "A. Kepecs and S. Raghavachari",
  original  = "orig/NS07.ps",  
  title     = "3 state neurons for contextual processing",
  booktitle = "Advances in Neural Information Processing Systems 14",
  editor    = "T. G. Dietterich and S. Becker and Z. Ghahramani",
  publisher = "MIT Press",
  address   = "Cambridge, MA",
  pages     = "229-236",
  year      = "2002",
}
@InProceedings{nips02-NS20,
  author    = "P.E. Latham",
  original  = "orig/NS20.ps",  
  title     = "Associative memory in realistic neuronal networks",
  booktitle = "Advances in Neural Information Processing Systems 14",
  editor    = "T. G. Dietterich and S. Becker and Z. Ghahramani",
  publisher = "MIT Press",
  address   = "Cambridge, MA",
  pages     = "237-244",
  year      = "2002",
}
@InProceedings{nips02-NS24,
  author    = "N. Matsumoto and M. Okada",
  original  = "orig/NS24.ps",  
  title     = "Self-regulation Mechanism of Temporally Asymmetric Hebbian Plasticity",
  booktitle = "Advances in Neural Information Processing Systems 14",
  editor    = "T. G. Dietterich and S. Becker and Z. Ghahramani",
  publisher = "MIT Press",
  address   = "Cambridge, MA",
  pages     = "245-252",
  year      = "2002",
}
@InProceedings{nips02-NS10,
  author    = "H. Nakahara and S.-I. Amari",
  original  = "orig/NS10.ps",  
  title     = "Information-Geometric Decomposition in Spike Analysis",
  booktitle = "Advances in Neural Information Processing Systems 14",
  editor    = "T. G. Dietterich and S. Becker and Z. Ghahramani",
  publisher = "MIT Press",
  address   = "Cambridge, MA",
  pages     = "253-260",
  year      = "2002",
}
@InProceedings{nips02-NS19,
  author    = "M. Rucci and A. Casile",
  original  = "orig/NS19.ps",  
  title     = "Eye movements and the maturation of cortical orientation selectivity",
  booktitle = "Advances in Neural Information Processing Systems 14",
  editor    = "T. G. Dietterich and S. Becker and Z. Ghahramani",
  publisher = "MIT Press",
  address   = "Cambridge, MA",
  pages     = "261-267",
  year      = "2002",
}
@InProceedings{nips02-NS14,
  author    = "O. Schwartz and E. J. Chichilnisky and E. P. Simoncelli",
  original  = "orig/NS14.ps",  
  title     = "Characterizing Neural Gain Control using Spike-triggered Covariance",
  booktitle = "Advances in Neural Information Processing Systems 14",
  editor    = "T. G. Dietterich and S. Becker and Z. Ghahramani",
  publisher = "MIT Press",
  address   = "Cambridge, MA",
  pages     = "269-276",
  year      = "2002",
}
@InProceedings{nips02-NS01,
  author    = "M. Shamir and H. Sompolinsky",
  original  = "orig/NS01.ps",  
  title     = "Correlation Codes in Neuronal Populations",
  booktitle = "Advances in Neural Information Processing Systems 14",
  editor    = "T. G. Dietterich and S. Becker and Z. Ghahramani",
  publisher = "MIT Press",
  address   = "Cambridge, MA",
  pages     = "277-284",
  year      = "2002",
}
@InProceedings{nips02-NS23,
  author    = "J. Tegn\'{e}r and A. Kepecs",
  original  = "orig/NS23.ps",  
  title     = "Why Neuronal Dynamics Should Control Synaptic Learning Rules",
  booktitle = "Advances in Neural Information Processing Systems 14",
  editor    = "T. G. Dietterich and S. Becker and Z. Ghahramani",
  publisher = "MIT Press",
  address   = "Cambridge, MA",
  pages     = "285-292",
  year      = "2002",
}
@InProceedings{nips02-NS16,
  author    = "T. P. Trappenberg and E. T. Rolls and S. M. Stringer",
  original  = "orig/NS16.ps",  
  title     = "Effective Size of Receptive Fields of Inferior Temporal Visual Cortex Neurons in Natural Scenes", 
  booktitle = "Advances in Neural Information Processing Systems 14",
  editor    = "T. G. Dietterich and S. Becker and Z. Ghahramani",
  publisher = "MIT Press",
  address   = "Cambridge, MA",
  pages     = "293-300",
  year      = "2002",
}
@InProceedings{nips02-NS08,
  author    = "G. Wenning and K. Obermayer",
  original  = "orig/NS08.ps",  
  title     = "Activity Driven Adaptive Stochastic Resonance",
  booktitle = "Advances in Neural Information Processing Systems 14",
  editor    = "T. G. Dietterich and S. Becker and Z. Ghahramani",
  publisher = "MIT Press",
  address   = "Cambridge, MA",
  pages     = "301-308",
  year      = "2002",
}
@InProceedings{nips02-NS25,
  author    = "B. D. Wright and K. Sen and  W. Bialek and A. J. Doupe",
  original  = "orig/NS25.ps",  
  title     = "Spike timing and the coding of naturalistic sounds in a central auditory area of songbirds",
  booktitle = "Advances in Neural Information Processing Systems 14",
  editor    = "T. G. Dietterich and S. Becker and Z. Ghahramani",
  publisher = "MIT Press",
  address   = "Cambridge, MA",
  pages     = "309-316",
  year      = "2002",
}
@InProceedings{nips02-NS03,
  author    = "S. Wu and S.-I. Amari",
  original  = "orig/NS03.ps",  
  title     = "Neural Implementation of Bayesian Inference in Population Codes",
  booktitle = "Advances in Neural Information Processing Systems 14",
  editor    = "T. G. Dietterich and S. Becker and Z. Ghahramani",
  publisher = "MIT Press",
  address   = "Cambridge, MA",
  pages     = "317-323",
  year      = "2002",
}
@InProceedings{nips02-NS11,
  author    = "X. Xie and M. Giese",
  original  = "orig/NS11.ps",  
  title     = "Generating velocity tuning by asymmetric recurrent connections",
  booktitle = "Advances in Neural Information Processing Systems 14",
  editor    = "T. G. Dietterich and S. Becker and Z. Ghahramani",
  publisher = "MIT Press",
  address   = "Cambridge, MA",
  pages     = "325-332",
  year      = "2002",
}
@InProceedings{nips02-LT16,
  author    = "D. Achlioptas and F. McSherry and B. Sch\"{o}lkopf",
  original  = "orig/LT16.ps",  
  title     = "Sampling Techniques for Kernel Methods",
  booktitle = "Advances in Neural Information Processing Systems 14",
  editor    = "T. G. Dietterich and S. Becker and Z. Ghahramani",
  publisher = "MIT Press",
  address   = "Cambridge, MA",
  pages     = "335-342",
  year      = "2002",
}
@InProceedings{nips02-LT03,
  author    = "S.-I. Amari and H. Park and T. Ozeki",
  original  = "orig/LT03.ps",  
  title     = "Geometrical Singularities in the Neuromanifold of Multilayer Perceptrons",
  booktitle = "Advances in Neural Information Processing Systems 14",
  editor    = "T. G. Dietterich and S. Becker and Z. Ghahramani",
  publisher = "MIT Press",
  address   = "Cambridge, MA",
  pages     = "343-350",
  year      = "2002",
}
@InProceedings{nips02-LT11,
  author    = "M. L. Braun and J. M. Buhmann",
  original  = "orig/LT11.ps",  
  title     = "The Noisy Euclidean Traveling Salesman Problem and Learning",
  booktitle = "Advances in Neural Information Processing Systems 14",
  editor    = "T. G. Dietterich and S. Becker and Z. Ghahramani",
  publisher = "MIT Press",
  address   = "Cambridge, MA",
  pages     = "351-358",
  year      = "2002",
}
@InProceedings{nips02-LT07,
  author    = "N. Cesa-Bianchi and A. Conconi and C. Gentile",
  original  = "orig/LT07.ps",  
  title     = "On the Generalization Ability of On-Line Learning Algorithms",
  booktitle = "Advances in Neural Information Processing Systems 14",
  editor    = "T. G. Dietterich and S. Becker and Z. Ghahramani",
  publisher = "MIT Press",
  address   = "Cambridge, MA",
  pages     = "359-366",
  year      = "2002",
}
@InProceedings{nips02-LT17,
  author    = "N. Cristianini and J. Shawe-Taylor and A. Elisseeff and J. Kandola",
  original  = "orig/LT17.ps",  
  title     = "On Kernel-Target Alignment",
  booktitle = "Advances in Neural Information Processing Systems 14",
  editor    = "T. G. Dietterich and S. Becker and Z. Ghahramani",
  publisher = "MIT Press",
  address   = "Cambridge, MA",
  pages     = "367-373",
  year      = "2002",
}
@InProceedings{nips02-LT14,
  author    = "S. Dasgupta and M. L. Littman and D. McAllester",
  original  = "orig/LT14.ps",  
  title     = "PAC Generalization Bounds for Co-training",
  booktitle = "Advances in Neural Information Processing Systems 14",
  editor    = "T. G. Dietterich and S. Becker and Z. Ghahramani",
  publisher = "MIT Press",
  address   = "Cambridge, MA",
  pages     = "375-382",
  year      = "2002",
}
@InProceedings{nips02-LT21,
  author    = "A. C. Faul and M. E. Tipping",
  original  = "orig/LT21.ps",  
  title     = "Analysis of Sparse Bayesian Learning",
  booktitle = "Advances in Neural Information Processing Systems 14",
  editor    = "T. G. Dietterich and S. Becker and Z. Ghahramani",
  publisher = "MIT Press",
  address   = "Cambridge, MA",
  pages     = "383-389",
  year      = "2002",
}
@InProceedings{nips02-LT18,
  author    = "R. Herbrich and R. C. Williamson",
  original  = "orig/LT18.ps",  
  title     = "Algorithmic Luckiness",
  booktitle = "Advances in Neural Information Processing Systems 14",
  editor    = "T. G. Dietterich and S. Becker and Z. Ghahramani",
  publisher = "MIT Press",
  address   = "Cambridge, MA",
  pages     = "391-397",
  year      = "2002",
}
@InProceedings{nips02-LT20,
  author    = "M. Hutter",
  original  = "orig/LT20.ps",  
  title     = "Distribution of Mutual Information",
  booktitle = "Advances in Neural Information Processing Systems 14",
  editor    = "T. G. Dietterich and S. Becker and Z. Ghahramani",
  publisher = "MIT Press",
  address   = "Cambridge, MA",
  pages     = "399-406",
  year      = "2002",
}
@InProceedings{nips02-LT26,
  author    = "S. Ikeda and T. Tanaka and S.-I. Amari",
  original  = "orig/LT26.ps",  
  title     = "Information Geometrical Framework for Analyzing Belief Propagation Decoder", 
  booktitle = "Advances in Neural Information Processing Systems 14",
  editor    = "T. G. Dietterich and S. Becker and Z. Ghahramani",
  publisher = "MIT Press",
  address   = "Cambridge, MA",
  pages     = "407-414",
  year      = "2002",
}
@InProceedings{nips02-LT23,
  author    = "H. J. Kappen and W. Wiegerinck",
  original  = "orig/LT23.ps",  
  title     = "Novel iteration schemes for the Cluster Variation Method",
  booktitle = "Advances in Neural Information Processing Systems 14",
  editor    = "T. G. Dietterich and S. Becker and Z. Ghahramani",
  publisher = "MIT Press",
  address   = "Cambridge, MA",
  pages     = "415-422",
  year      = "2002",
}                                 
@InProceedings{nips02-LT02,
  author    = "R. Khardon and D. Roth and R. A. Servedio",
  original  = "orig/LT02.ps",  
  title     = "Efficiency versus Convergence of Boolean Kernels for On-Line Learning Algorithms",
  booktitle = "Advances in Neural Information Processing Systems 14",
  editor    = "T. G. Dietterich and S. Becker and Z. Ghahramani",
  publisher = "MIT Press",
  address   = "Cambridge, MA",
  pages     = "423-430",
  year      = "2002",
}
@InProceedings{nips02-Kleinberg,
  author    = "J. Kleinberg",
  original  = "orig/Kleinberg.ps",  
  title     = "Small-World Phenomena and the Dynamics of Information",
  booktitle = "Advances in Neural Information Processing Systems 14",
  editor    = "T. G. Dietterich and S. Becker and Z. Ghahramani",
  publisher = "MIT Press",
  address   = "Cambridge, MA",
  pages     = "431-438",
  year      = "2002",
}
@InProceedings{nips02-LT13,
  author    = "A. Kowalczyk and A. J. Smola and R. C. Williamson",
  original  = "orig/LT13.ps", 
  title     = "Kernel Machines and Boolean Functions",
  booktitle = "Advances in Neural Information Processing Systems 14",
  editor    = "T. G. Dietterich and S. Becker and Z. Ghahramani",
  publisher = "MIT Press",
  address   = "Cambridge, MA",
  pages     = "439-446",
  year      = "2002",
}
@InProceedings{nips02-LT09,
  author    = "G. Lebanon and J. Lafferty",
  original  = "orig/LT09.ps",  
  title     = "Boosting and Maximum Likelihood for Exponential Models",
  booktitle = "Advances in Neural Information Processing Systems 14",
  editor    = "T. G. Dietterich and S. Becker and Z. Ghahramani",
  publisher = "MIT Press",
  address   = "Cambridge, MA",
  pages     = "447-454",
  year      = "2002",
}
@InProceedings{nips02-LT05,
  author    = "M. Leisink and B. Kappen",
  original  = "orig/LT05.ps",  
  title     = "Means, Correlations and Bounds",
  booktitle = "Advances in Neural Information Processing Systems 14",
  editor    = "T. G. Dietterich and S. Becker and Z. Ghahramani",
  publisher = "MIT Press",
  address   = "Cambridge, MA",
  pages     = "455-462",
  year      = "2002",
}
@InProceedings{nips02-LT25,
  author    = "D. Malzahn and M. Opper",
  original  = "orig/LT25.ps",  
  title     = "A Variational Approach to Learning Curves",
  booktitle = "Advances in Neural Information Processing Systems 14",
  editor    = "T. G. Dietterich and S. Becker and Z. Ghahramani",
  publisher = "MIT Press",
  address   = "Cambridge, MA",
  pages     = "463-469",
  year      = "2002",
}
@InProceedings{nips02-LT22,
  author    = "I. Nemenman and F. Shafee and W. Bialek",
  original  = "orig/LT22.ps",  
  title     = "Entropy and Inference, Revisited",
  booktitle = "Advances in Neural Information Processing Systems 14",
  editor    = "T. G. Dietterich and S. Becker and Z. Ghahramani",
  publisher = "MIT Press",
  address   = "Cambridge, MA",
  pages     = "471-478",
  year      = "2002",
}
@InProceedings{nips02-LT24,
  author    = "M. Opper and R. Urbanczik",
  original  = "orig/LT24.ps",  
  title     = "Asymptotic Universality for Learning Curves of Support Vector Machines",
  booktitle = "Advances in Neural Information Processing Systems 14",
  editor    = "T. G. Dietterich and S. Becker and Z. Ghahramani",
  publisher = "MIT Press",
  address   = "Cambridge, MA",
  pages     = "479-486",
  year      = "2002",
}
@InProceedings{nips02-LT15,
  author    = "G. R\"{a}tsch and S. Mika and M. K. Warmuth",
  original  = "orig/LT15.ps",  
  title     = "On the Convergence of Leveraging",
  booktitle = "Advances in Neural Information Processing Systems 14",
  editor    = "T. G. Dietterich and S. Becker and Z. Ghahramani",
  publisher = "MIT Press",
  address   = "Cambridge, MA",
  pages     = "487-494",
  year      = "2002",
}
@InProceedings{nips02-LT19,
  author    = "M. Rattray and G. Basalyga",
  original  = "orig/LT19.ps",  
  title     = "Scaling Laws and Local Minima in Hebbian ICA",
  booktitle = "Advances in Neural Information Processing Systems 14",
  editor    = "T. G. Dietterich and S. Becker and Z. Ghahramani",
  publisher = "MIT Press",
  address   = "Cambridge, MA",
  pages     = "495-501",
  year      = "2002",
}
@InProceedings{nips02-LT10,
  author    = "M. Schmitt",
  original  = "orig/LT10.ps",  
  title     = "Computing Time Lower Bounds for Recurrent Sigmoidal Neural Networks",
  booktitle = "Advances in Neural Information Processing Systems 14",
  editor    = "T. G. Dietterich and S. Becker and Z. Ghahramani",
  publisher = "MIT Press",
  address   = "Cambridge, MA",
  pages     = "503-510",
  year      = "2002",
}
@InProceedings{nips02-LT12,
  author    = "J. Shawe-Taylor and N. Cristianini and J. Kandola",
  original  = "orig/LT12.ps",  
  title     = "On the Concentration of Spectral Properties",
  booktitle = "Advances in Neural Information Processing Systems 14",
  editor    = "T. G. Dietterich and S. Becker and Z. Ghahramani",
  publisher = "MIT Press",
  address   = "Cambridge, MA",
  pages     = "511-517",
  year      = "2002",
}
@InProceedings{nips02-LT01,
  author    = "P. Sollich",
  original  = "orig/LT01.ps",  
  title     = "Gaussian Process Regression with Mismatched Models",
  booktitle = "Advances in Neural Information Processing Systems 14",
  editor    = "T. G. Dietterich and S. Becker and Z. Ghahramani",
  publisher = "MIT Press",
  address   = "Cambridge, MA",
  pages     = "519-526",
  year      = "2002",
}
@InProceedings{nips02-LT06,
  author    = "T. Tanaka and S. Ikeda and S.-I. Amari",
  original  = "orig/LT06.ps",  
  title     = "Information-Geometrical Significance of Sparsity in Gallager Codes",
  booktitle = "Advances in Neural Information Processing Systems 14",
  editor    = "T. G. Dietterich and S. Becker and Z. Ghahramani",
  publisher = "MIT Press",
  address   = "Cambridge, MA",
  pages     = "527-534",
  year      = "2002",
}
@InProceedings{nips02-LT08,
  author    = "K. Y. M. Wong and F. Li",
  original  = "orig/LT08.ps",  
  title     = "Fast Parameter Estimation Using Green's Functions",
  booktitle = "Advances in Neural Information Processing Systems 14",
  editor    = "T. G. Dietterich and S. Becker and Z. Ghahramani",
  publisher = "MIT Press",
  address   = "Cambridge, MA",
  pages     = "535-542",
  year      = "2002",
}
@InProceedings{nips02-LT04,
  author    = "T. Zhang",
  original  = "orig/LT04.ps",  
  title     = "Generalization Performance of Some Learning Problems in Hilbert Functional Spaces",
  booktitle = "Advances in Neural Information Processing Systems 14",
  editor    = "T. G. Dietterich and S. Becker and Z. Ghahramani",
  publisher = "MIT Press",
  address   = "Cambridge, MA",
  pages     = "543-550",
  year      = "2002",
}
@InProceedings{nips02-AA44,
  author    = "F. d'Alch\'{e}-Buc and Y. Grandvalet and C. Ambroise",
  original  = "orig/AA44.ps",  
  title     = "Semi-supervised MarginBoost",
  booktitle = "Advances in Neural Information Processing Systems 14",
  editor    = "T. G. Dietterich and S. Becker and Z. Ghahramani",
  publisher = "MIT Press",
  address   = "Cambridge, MA",
  pages     = "553-560",
  year      = "2002",
}
@InProceedings{nips02-AA60,
  author    = "C. Andrieu and N. d. Freitas and A. Doucet",
  original  = "orig/AA60.ps",  
  title     = "Rao-Blackwellised Particle Filtering via Data Augmentation",
  booktitle = "Advances in Neural Information Processing Systems 14",
  editor    = "T. G. Dietterich and S. Becker and Z. Ghahramani",
  publisher = "MIT Press",
  address   = "Cambridge, MA",
  pages     = "561-567",
  year      = "2002",
}
@InProceedings{nips02-AA50,
  author    = "F. R. Bach and M. I. Jordan",
  original  = "orig/AA50.ps",  
  title     = "Thin Junction Trees",
  booktitle = "Advances in Neural Information Processing Systems 14",
  editor    = "T. G. Dietterich and S. Becker and Z. Ghahramani",
  publisher = "MIT Press",
  address   = "Cambridge, MA",
  pages     = "569-576",
  year      = "2002",
}
@InProceedings{nips02-AA01,
  author    = "M. J. Beal and Z. Ghahramani and C. E. Rasmussen",
  original  = "orig/AA01.ps",  
  title     = "The Infinite Hidden Markov Model",
  booktitle = "Advances in Neural Information Processing Systems 14",
  editor    = "T. G. Dietterich and S. Becker and Z. Ghahramani",
  publisher = "MIT Press",
  address   = "Cambridge, MA",
  pages     = "577-584",
  year      = "2002",
}
@InProceedings{nips02-AA42,
  author    = "M. Belkin and P. Niyogi",
  original  = "orig/AA42.ps",  
  title     = "Laplacian Eigenmaps and Spectral Techniques for Embedding and Clustering",
  booktitle = "Advances in Neural Information Processing Systems 14",
  editor    = "T. G. Dietterich and S. Becker and Z. Ghahramani",
  publisher = "MIT Press",
  address   = "Cambridge, MA",
  pages     = "585-591",
  year      = "2002",
}
@InProceedings{nips02-AA46,
  author    = "J. Bi and K. P. Bennett",
  original  = "orig/AA46.ps",  
  title     = "Duality, Geometry, and Support Vector Regression",
  booktitle = "Advances in Neural Information Processing Systems 14",
  editor    = "T. G. Dietterich and S. Becker and Z. Ghahramani",
  publisher = "MIT Press",
  address   = "Cambridge, MA",
  pages     = "593-600",
  year      = "2002",
}
@InProceedings{nips02-AA53,
  author    = "D. M. Blei and A. Y. Ng and M. I. Jordan",
  original  = "orig/AA53.ps",  
  title     = "Latent Dirichlet Allocation",
  booktitle = "Advances in Neural Information Processing Systems 14",
  editor    = "T. G. Dietterich and S. Becker and Z. Ghahramani",
  publisher = "MIT Press",
  address   = "Cambridge, MA",
  pages     = "601-608",
  year      = "2002",
}
@InProceedings{nips02-AA32,
  author    = "O. Chapelle and B. Sch\"{o}lkopf",
  original  = "orig/AA32.ps",  
  title     = "Incorporating Invariances in Non-Linear Support Vector Machines",
  booktitle = "Advances in Neural Information Processing Systems 14",
  editor    = "T. G. Dietterich and S. Becker and Z. Ghahramani",
  publisher = "MIT Press",
  address   = "Cambridge, MA",
  pages     = "609-616",
  year      = "2002",
}
@InProceedings{nips02-AA27,
  author    = "M. Collins and S. Dasgupta and R. E. Schapire",
  original  = "orig/AA27.ps",  
  title     = "A Generalization of Principal Components Analysis to the Exponential Family",
  booktitle = "Advances in Neural Information Processing Systems 14",
  editor    = "T. G. Dietterich and S. Becker and Z. Ghahramani",
  publisher = "MIT Press",
  address   = "Cambridge, MA",
  pages     = "617-624",
  year      = "2002",
}
@InProceedings{nips02-AA58,
  author    = "M. Collins and N. Duffy",
  original  = "orig/AA58.ps",  
  title     = "Convolution Kernels for Natural Language",
  booktitle = "Advances in Neural Information Processing Systems 14",
  editor    = "T. G. Dietterich and S. Becker and Z. Ghahramani",
  publisher = "MIT Press",
  address   = "Cambridge, MA",
  pages     = "625-632",
  year      = "2002",
}
@InProceedings{nips02-AA30,
  author    = "R. Collobert and S. Bengio and Y. Bengio",
  original  = "orig/AA30.ps",  
  title     = "A Parallel Mixture of SVMs for Very Large Scale Problems",
  booktitle = "Advances in Neural Information Processing Systems 14",
  editor    = "T. G. Dietterich and S. Becker and Z. Ghahramani",
  publisher = "MIT Press",
  address   = "Cambridge, MA",
  pages     = "633-640",
  year      = "2002",
}
@InProceedings{nips02-AA65,
  author    = "K. Crammer and Y. Singer",
  original  = "orig/AA65.ps",  
  title     = "Pranking with Ranking",
  booktitle = "Advances in Neural Information Processing Systems 14",
  editor    = "T. G. Dietterich and S. Becker and Z. Ghahramani",
  publisher = "MIT Press",
  address   = "Cambridge, MA",
  pages     = "641-647",
  year      = "2002",
}
@InProceedings{nips02-AA16,
  author    = "N. Cristianini and J. Shawe-Taylor and J. Kandola",
  original  = "orig/AA16.ps",  
  title     = "Spectral Kernel Methods for Clustering",
  booktitle = "Advances in Neural Information Processing Systems 14",
  editor    = "T. G. Dietterich and S. Becker and Z. Ghahramani",
  publisher = "MIT Press",
  address   = "Cambridge, MA",
  pages     = "649-655",
  year      = "2002",
}
@InProceedings{nips02-AA59,
  author    = "L. Csat\'{o} and M. Opper and O. Winther",
  original  = "orig/AA59.ps",  
  title     = "TAP Gibbs Free Energy, Belief Propagation and Sparsity",
  booktitle = "Advances in Neural Information Processing Systems 14",
  editor    = "T. G. Dietterich and S. Becker and Z. Ghahramani",
  publisher = "MIT Press",
  address   = "Cambridge, MA",
  pages     = "657-663",
  year      = "2002",
}
@InProceedings{nips02-AA25,
  author    = "C. Domeniconi and D. Gunopulos",
  original  = "orig/AA25.ps",  
  title     = "Adaptive Nearest Neighbor Classification Using Support Vector Machines",
  booktitle = "Advances in Neural Information Processing Systems 14",
  editor    = "T. G. Dietterich and S. Becker and Z. Ghahramani",
  publisher = "MIT Press",
  address   = "Cambridge, MA",
  pages     = "665-672",
  year      = "2002",
}
@InProceedings{nips02-AA57,
  author    = "P. Domingos and G. Hulten",
  original  = "orig/AA57.ps",  
  title     = "Learning from Infinite Data in Finite Time",
  booktitle = "Advances in Neural Information Processing Systems 14",
  editor    = "T. G. Dietterich and S. Becker and Z. Ghahramani",
  publisher = "MIT Press",
  address   = "Cambridge, MA",
  pages     = "673-680",
  year      = "2002",
}
@InProceedings{nips02-AA45,
  author    = "A. Elisseeff and J. Weston",
  original  = "orig/AA45.ps",  
  title     = "A kernel method for multi-labelled classification",
  booktitle = "Advances in Neural Information Processing Systems 14",
  editor    = "T. G. Dietterich and S. Becker and Z. Ghahramani",
  publisher = "MIT Press",
  address   = "Cambridge, MA",
  pages     = "681-687",
  year      = "2002",
}
@InProceedings{nips02-AA04,
  author    = "D. P. d. Farias and B. V. Roy",
  original  = "orig/AA04.ps",  
  title     = "Approximate Dynamic Programming via Linear Programming",
  booktitle = "Advances in Neural Information Processing Systems 14",
  editor    = "T. G. Dietterich and S. Becker and Z. Ghahramani",
  publisher = "MIT Press",
  address   = "Cambridge, MA",
  pages     = "689-695",
  year      = "2002",
}
@InProceedings{nips02-AA07,
  author    = "M. A. T. Figueiredo",
  original  = "orig/AA07.ps",  
  title     = "Adaptive Sparseness Using Jeffreys Prior",
  booktitle = "Advances in Neural Information Processing Systems 14",
  editor    = "T. G. Dietterich and S. Becker and Z. Ghahramani",
  publisher = "MIT Press",
  address   = "Cambridge, MA",
  pages     = "697-704",
  year      = "2002",
}
@InProceedings{nips02-AA48,
  author    = "S. Fine and K. Scheinberg",
  original  = "orig/AA48.ps",  
  title     = "Incremental Learning and Selective Sampling via Parametric Optimization Framework for SVM",
  booktitle = "Advances in Neural Information Processing Systems 14",
  editor    = "T. G. Dietterich and S. Becker and Z. Ghahramani",
  publisher = "MIT Press",
  address   = "Cambridge, MA",
  pages     = "705-711",
  year      = "2002",
}
@InProceedings{nips02-AA62,
  author    = "D. Fox",
  original  = "orig/AA62.ps",
  title     = "KLD-Sampling: Adaptive Particle Filters",
  booktitle = "Advances in Neural Information Processing Systems 14",
  editor    = "T. G. Dietterich and S. Becker and Z. Ghahramani",
  publisher = "MIT Press",
  address   = "Cambridge, MA",
  pages     = "713-720",
  year      = "2002",
}
@InProceedings{nips02-AA37,
  author    = "B. J. Frey and N. Jojic",
  original  = "orig/AA37.ps",  
  title     = "Fast, Large-Scale Transformation-Invariant Clustering",
  booktitle = "Advances in Neural Information Processing Systems 14",
  editor    = "T. G. Dietterich and S. Becker and Z. Ghahramani",
  publisher = "MIT Press",
  address   = "Cambridge, MA",
  pages     = "721-727",
  year      = "2002",
}
@InProceedings{nips02-AA40,
  author    = "B. J. Frey and A. Kannan and N. Jojic",
  original  = "orig/AA40.ps",  
  title     = "Product Analysis: Learning to Model Observations as Products of Hidden Variables",
  booktitle = "Advances in Neural Information Processing Systems 14",
  editor    = "T. G. Dietterich and S. Becker and Z. Ghahramani",
  publisher = "MIT Press",
  address   = "Cambridge, MA",
  pages     = "729-735",
  year      = "2002",
}
@InProceedings{nips02-AA39,
  author    = "B. J. Frey and R. Koetter and N. Petrovic",
  original  = "orig/AA39.ps",  
  title     = "Very loopy belief propagation for unwrapping phase images",
  booktitle = "Advances in Neural Information Processing Systems 14",
  editor    = "T. G. Dietterich and S. Becker and Z. Ghahramani",
  publisher = "MIT Press",
  address   = "Cambridge, MA",
  pages     = "737-743",
  year      = "2002",
}
@InProceedings{nips02-AA12,
  author    = "P. Golland",
  original  = "orig/AA12.ps",  
  title     = "Discriminative Direction for Kernel Classifiers",
  booktitle = "Advances in Neural Information Processing Systems 14",
  editor    = "T. G. Dietterich and S. Becker and Z. Ghahramani",
  publisher = "MIT Press",
  address   = "Cambridge, MA",
  pages     = "745-752",
  year      = "2002",
}
@InProceedings{nips02-AA31,
  author    = "P. Haffner",
  original  = "orig/AA31.ps",  
  title     = "Escaping the Convex Hull with Extrapolated Vector Machines",
  booktitle = "Advances in Neural Information Processing Systems 14",
  editor    = "T. G. Dietterich and S. Becker and Z. Ghahramani",
  publisher = "MIT Press",
  address   = "Cambridge, MA",
  pages     = "753-760",
  year      = "2002",
}
@InProceedings{nips02-AA34,
  author    = "S. Harmeling and A. Ziehe and M. Kawanabe and K.-R. M\"{u}ller",
  original  = "orig/AA34.ps",  
  title     = "Kernel Feature Spaces and Nonlinear Blind Souce Separation",
  booktitle = "Advances in Neural Information Processing Systems 14",
  editor    = "T. G. Dietterich and S. Becker and Z. Ghahramani",
  publisher = "MIT Press",
  address   = "Cambridge, MA",
  pages     = "761-768",
  year      = "2002",
}
@InProceedings{nips02-AA08,
  author    = "D. Horn and A. Gottlieb",
  original  = "orig/AA08.ps",  
  title     = "The Method of Quantum Clustering",
  booktitle = "Advances in Neural Information Processing Systems 14",
  editor    = "T. G. Dietterich and S. Becker and Z. Ghahramani",
  publisher = "MIT Press",
  address   = "Cambridge, MA",
  pages     = "769-776",
  year      = "2002",
}
@InProceedings{nips02-AA51,
  author    = "T. Jaakkola and H. Siegelmann",
  original  = "orig/AA51.ps", 
  title     = "Active Information Retrieval",
  booktitle = "Advances in Neural Information Processing Systems 14",
  editor    = "T. G. Dietterich and S. Becker and Z. Ghahramani",
  publisher = "MIT Press",
  address   = "Cambridge, MA",
  pages     = "777-784",
  year      = "2002",
}
@InProceedings{nips02-AA33,
  author    = "J. Kivinen and A. J. Smola and R. C. Williamson",
  original  = "orig/AA33.ps",  
  title     = "Online Learning with Kernels",
  booktitle = "Advances in Neural Information Processing Systems 14",
  editor    = "T. G. Dietterich and S. Becker and Z. Ghahramani",
  publisher = "MIT Press",
  address   = "Cambridge, MA",
  pages     = "785-792",
  year      = "2002",
}
@InProceedings{nips02-AA10,
  author    = "J. Kohlmorgen and S. Lemm",
  original  = "orig/AA10.ps",  
  title     = "A Dynamic HMM for On-line Segmentation of Sequential Data",
  booktitle = "Advances in Neural Information Processing Systems 14",
  editor    = "T. G. Dietterich and S. Becker and Z. Ghahramani",
  publisher = "MIT Press",
  address   = "Cambridge, MA",
  pages     = "793-800",
  year      = "2002",
}
@InProceedings{nips02-AA03,
  author    = "G. R. G. Lanckriet and L. E. Ghaoui and C. Bhattacharyya and M. I. Jordan",
  original  = "orig/AA03.ps",  
  title     = "Minimax Probability Machine",
  booktitle = "Advances in Neural Information Processing Systems 14",
  editor    = "T. G. Dietterich and S. Becker and Z. Ghahramani",
  publisher = "MIT Press",
  address   = "Cambridge, MA",
  pages     = "801-807",
  year      = "2002",
}
@InProceedings{nips02-AA54,
  author    = "J. Langford and R. Caruana",
  original  = "orig/AA54.ps",  
  title     = "(Not) Bounding the True Error",
  booktitle = "Advances in Neural Information Processing Systems 14",
  editor    = "T. G. Dietterich and S. Becker and Z. Ghahramani",
  publisher = "MIT Press",
  address   = "Cambridge, MA",
  pages     = "809-816",
  year      = "2002",
}
@InProceedings{nips02-AA29,
  author    = "M. L. Littman and M. Kearns and S. Singh",
  original  = "orig/AA29.ps",  
  title     = "An Efficient, Exact Algorithm for Solving Tree-Structured Graphical Games",
  booktitle = "Advances in Neural Information Processing Systems 14",
  editor    = "T. G. Dietterich and S. Becker and Z. Ghahramani",
  publisher = "MIT Press",
  address   = "Cambridge, MA",
  pages     = "817-823",
  year      = "2002",
}
@InProceedings{nips02-AA49,
  author    = "P. Meinicke and H. Ritter",
  original  = "orig/AA49.ps",  
  title     = "Quantizing Density Estimators",
  booktitle = "Advances in Neural Information Processing Systems 14",
  editor    = "T. G. Dietterich and S. Becker and Z. Ghahramani",
  publisher = "MIT Press",
  address   = "Cambridge, MA",
  pages     = "825-832",
  year      = "2002",
}
@InProceedings{nips02-AA64,
  author    = "K. P. Murphy and M. A. Paskin",
  original  = "orig/AA64.ps",  
  title     = "Linear-time inference in Hierarchical HMMs",
  booktitle = "Advances in Neural Information Processing Systems 14",
  editor    = "T. G. Dietterich and S. Becker and Z. Ghahramani",
  publisher = "MIT Press",
  address   = "Cambridge, MA",
  pages     = "833-840",
  year      = "2002",
}
@InProceedings{nips02-AA28,
  author    = "A. Y. Ng and M. I. Jordan",
  original  = "orig/AA28.ps",  
  title     = "On Discriminative vs. Generative Classifiers: A comparison of logistic regression and naive Bayes",
  booktitle = "Advances in Neural Information Processing Systems 14",
  editor    = "T. G. Dietterich and S. Becker and Z. Ghahramani",
  publisher = "MIT Press",
  address   = "Cambridge, MA",
  pages     = "841-848",
  year      = "2002",
}
@InProceedings{nips02-AA35
  author    = "A. Y. Ng and M. I. Jordan and Y. Weiss",
  original  = "orig/AA35.ps",  
  title     = "On Spectral Clustering: Analysis and an algorithm",
  booktitle = "Advances in Neural Information Processing Systems 14",
  editor    = "T. G. Dietterich and S. Becker and Z. Ghahramani",
  publisher = "MIT Press",
  address   = "Cambridge, MA",
  pages     = "849-856",
  year      = "2002",
}
@InProceedings{nips02-AA47,
  author    = "A. Paccanaro and G. E. Hinton",
  original  = "orig/AA47.ps",  
  title     = "Learning Hierarchical Structures with Linear Relational Embedding",
  booktitle = "Advances in Neural Information Processing Systems 14",
  editor    = "T. G. Dietterich and S. Becker and Z. Ghahramani",
  publisher = "MIT Press",
  address   = "Cambridge, MA",
  pages     = "857-864",
  year      = "2002",
}
@InProceedings{nips02-AA17,
  author    = "M. Pelillo",
  original  = "orig/AA17.ps",  
  title     = "Matching Free Trees with Replicator Equations",
  booktitle = "Advances in Neural Information Processing Systems 14",
  editor    = "T. G. Dietterich and S. Becker and Z. Ghahramani",
  publisher = "MIT Press",
  address   = "Cambridge, MA",
  pages     = "865-872",
  year      = "2002",
}
@InProceedings{nips02-AA26,
  author    = "A. Rangarajan and A. L. Yuille",
  original  = "orig/AA26.ps",  
  title     = "MIME: Mutual Information Minimization and Entropy Maximization for Bayesian Belief Propagation",
  booktitle = "Advances in Neural Information Processing Systems 14",
  editor    = "T. G. Dietterich and S. Becker and Z. Ghahramani",
  publisher = "MIT Press",
  address   = "Cambridge, MA",
  pages     = "873-880",
  year      = "2002",
}
@InProceedings{nips02-AA06,
  author    = "C. E. Rasmussen and Z. Ghahramani",
  original  = "orig/AA06.ps",  
  title     = "Infinite Mixtures of Gaussian Process Experts",
  booktitle = "Advances in Neural Information Processing Systems 14",
  editor    = "T. G. Dietterich and S. Becker and Z. Ghahramani",
  publisher = "MIT Press",
  address   = "Cambridge, MA",
  pages     = "881-888",
  year      = "2002",
}
@InProceedings{nips02-AA05,
  author    = "S. T. Roweis and L. K. Saul and G. E. Hinton",
  original  = "orig/AA05.ps",  
  title     = "Global Coordination of Local Linear Models",
  booktitle = "Advances in Neural Information Processing Systems 14",
  editor    = "T. G. Dietterich and S. Becker and Z. Ghahramani",
  publisher = "MIT Press",
  address   = "Cambridge, MA",
  pages     = "889-896",
  year      = "2002",
}
@InProceedings{nips02-AA52,
  author    = "L. K. Saul and D. D. Lee",
  original  = "orig/AA52.ps",  
  title     = "Multiplicative Updates for Classification by Mixture Models",
  booktitle = "Advances in Neural Information Processing Systems 14",
  editor    = "T. G. Dietterich and S. Becker and Z. Ghahramani",
  publisher = "MIT Press",
  address   = "Cambridge, MA",
  pages     = "897-904",
  year      = "2002",
}
@InProceedings{nips02-AA21,
  author    = "M. Seeger",
  original  = "orig/AA21.ps",  
  title     = "Covariance Kernels from Bayesian Generative Models",
  booktitle = "Advances in Neural Information Processing Systems 14",
  editor    = "T. G. Dietterich and S. Becker and Z. Ghahramani",
  publisher = "MIT Press",
  address   = "Cambridge, MA",
  pages     = "905-912",
  year      = "2002",
}
@InProceedings{nips02-AA22,
  author    = "E. Segal and D. Koller and D. Ormoneit",
  original  = "orig/AA22.ps",  
  title     = "Probabilistic Abstraction Hierarchies",
  booktitle = "Advances in Neural Information Processing Systems 14",
  editor    = "T. G. Dietterich and S. Becker and Z. Ghahramani",
  publisher = "MIT Press",
  address   = "Cambridge, MA",
  pages     = "913-920",
  year      = "2002",
}
@InProceedings{nips02-AA20,
  author    = "H. Shimodaira and K.-I. Noma and M. Nakai and S. Sagayama",
  original  = "orig/AA20.ps",  
  title     = "Dynamic Time-Alignment Kernel in Support Vector Machine",
  booktitle = "Advances in Neural Information Processing Systems 14",
  editor    = "T. G. Dietterich and S. Becker and Z. Ghahramani",
  publisher = "MIT Press",
  address   = "Cambridge, MA",
  pages     = "921-928",
  year      = "2002",
}
@InProceedings{nips02-AA23,
  author    = "N. Slonim and N. Friedman and N. Tishby",
  original  = "orig/AA23.ps",  
  title     = "Agglomerative Multivariate Information Bottleneck",
  booktitle = "Advances in Neural Information Processing Systems 14",
  editor    = "T. G. Dietterich and S. Becker and Z. Ghahramani",
  publisher = "MIT Press",
  address   = "Cambridge, MA",
  pages     = "929-936",
  year      = "2002",
}
@InProceedings{nips02-AA18,
  author    = "P. Sykacek and S. Roberts",
  original  = "orig/AA18.ps",  
  title     = "Bayesian time series classification",
  booktitle = "Advances in Neural Information Processing Systems 14",
  editor    = "T. G. Dietterich and S. Becker and Z. Ghahramani",
  publisher = "MIT Press",
  address   = "Cambridge, MA",
  pages     = "937-944",
  year      = "2002",
}
@InProceedings{nips02-AA36,
  author    = "M. Szummer and T. Jaakkola",
  original  = "orig/AA36.ps",  
  title     = "Partially labeled classification with Markov random walks",
  booktitle = "Advances in Neural Information Processing Systems 14",
  editor    = "T. G. Dietterich and S. Becker and Z. Ghahramani",
  publisher = "MIT Press",
  address   = "Cambridge, MA",
  pages     = "945-952",
  year      = "2002",
}
@InProceedings{nips02-AA02,
  author    = "Y. W. Teh and M. Welling",
  original  = "orig/AA02.ps",  
  title     = "The Unified Propagation and Scaling Algorithm",
  booktitle = "Advances in Neural Information Processing Systems 14",
  editor    = "T. G. Dietterich and S. Becker and Z. Ghahramani",
  publisher = "MIT Press",
  address   = "Cambridge, MA",
  pages     = "953-960",
  year      = "2002",
}
@InProceedings{nips02-AA38,
  author    = "S. Thrun and J. Langford and V. Verma",
  original  = "orig/AA38.ps",  
  title     = "Risk Sensitive Particle Filters",
  booktitle = "Advances in Neural Information Processing Systems 14",
  editor    = "T. G. Dietterich and S. Becker and Z. Ghahramani",
  publisher = "MIT Press",
  address   = "Cambridge, MA",
  pages     = "961-968",
  year      = "2002",
}
@InProceedings{nips02-AA55,
  author    = "K. Torkkola",
  original  = "orig/AA55.ps",  
  title     = "Learning Discriminative Feature Transforms to Low Dimensions in Low Dimentions",
  booktitle = "Advances in Neural Information Processing Systems 14",
  editor    = "T. G. Dietterich and S. Becker and Z. Ghahramani",
  publisher = "MIT Press",
  address   = "Cambridge, MA",
  pages     = "969-976",
  year      = "2002",
}
@InProceedings{nips02-AA56,
  author    = "K. Tsuda and M. Kawanabe and G. R\"{a}tsch and S. Sonnenburg and K.-R. M\"{u}ller",
  original  = "orig/AA56.ps",  
  title     = "A New Discriminative Kernel From Probabilistic Models",
  booktitle = "Advances in Neural Information Processing Systems 14",
  editor    = "T. G. Dietterich and S. Becker and Z. Ghahramani",
  publisher = "MIT Press",
  address   = "Cambridge, MA",
  pages     = "977-984",
  year      = "2002",
}
@InProceedings{nips02-AA61,
  author    = "P. Vincent and Y. Bengio",
  original  = "orig/AA61.ps",  
  title     = "K-Local Hyperplane and Convex Distance Nearest Neighbor Algorithms",
  booktitle = "Advances in Neural Information Processing Systems 14",
  editor    = "T. G. Dietterich and S. Becker and Z. Ghahramani",
  publisher = "MIT Press",
  address   = "Cambridge, MA",
  pages     = "985-992",
  year      = "2002",
}
@InProceedings{nips02-AA19,
  author    = "R. Vollgraf and K. Obermayer",
  original  = "orig/AA19.ps",  
  title     = "Multi Dimensional ICA to Separate Correlated Sources",
  booktitle = "Advances in Neural Information Processing Systems 14",
  editor    = "T. G. Dietterich and S. Becker and Z. Ghahramani",
  publisher = "MIT Press",
  address   = "Cambridge, MA",
  pages     = "993-1000",
  year      = "2002",
}
@InProceedings{nips02-AA67,
  author    = "M. Wainwright and T. Jaakkola and A. Willsky",
  original  = "orig/AA67.ps",  
  title     = "Tree-based reparameterization for approximate inference on loopy graphs",
  booktitle = "Advances in Neural Information Processing Systems 14",
  editor    = "T. G. Dietterich and S. Becker and Z. Ghahramani",
  publisher = "MIT Press",
  address   = "Cambridge, MA",
  pages     = "1001-1008",
  year      = "2002",
}
@InProceedings{nips02-AA14,
  author    = "H. Wersing",
  original  = "orig/AA14.ps",  
  title     = "Learning Lateral Interactions for Feature Binding and Sensory Segmentation",
  booktitle = "Advances in Neural Information Processing Systems 14",
  editor    = "T. G. Dietterich and S. Becker and Z. Ghahramani",
  publisher = "MIT Press",
  address   = "Cambridge, MA",
  pages     = "1009-1016",
  year      = "2002",
}
@InProceedings{nips02-AA15,
  author    = "C. K. I. Williams and F. V. Agakov and S. N. Felderhof",
  original  = "orig/AA15.ps",  
  title     = "Products of Gaussians",
  booktitle = "Advances in Neural Information Processing Systems 14",
  editor    = "T. G. Dietterich and S. Becker and Z. Ghahramani",
  publisher = "MIT Press",
  address   = "Cambridge, MA",
  pages     = "1017-1024",
  year      = "2002",
}
@InProceedings{nips02-AA24,
  author    = "R. El-Yaniv and O. Souroujon",
  original  = "orig/AA24.ps",  
  title     = "Iterative Double Clustering for Unsupervised and Semi-Supervised Learning",
  booktitle = "Advances in Neural Information Processing Systems 14",
  editor    = "T. G. Dietterich and S. Becker and Z. Ghahramani",
  publisher = "MIT Press",
  address   = "Cambridge, MA",
  pages     = "1025-1032",
  year      = "2002",
}
@InProceedings{nips02-AA66,
  author    = "A. L. Yuille and A. Rangarajan",
  original  = "orig/AA66.ps",  
  title     = "The Concave-Convex Procedure (CCCP)",
  booktitle = "Advances in Neural Information Processing Systems 14",
  editor    = "T. G. Dietterich and S. Becker and Z. Ghahramani",
  publisher = "MIT Press",
  address   = "Cambridge, MA",
  pages     = "1033-1040",
  year      = "2002",
}
@InProceedings{nips02-AA63,
  author    = "B. Zadrozny",
  original  = "orig/AA63.ps",  
  title     = "Reducing multiclass to binary by coupling probability estimates",
  booktitle = "Advances in Neural Information Processing Systems 14",
  editor    = "T. G. Dietterich and S. Becker and Z. Ghahramani",
  publisher = "MIT Press",
  address   = "Cambridge, MA",
  pages     = "1041-1048",
  year      = "2002",
}
@InProceedings{nips02-AA09,
  author    = "M. Zibulevsky and P. Kisilev and Y. Y. Zeevi and B. Pearlmutter",
  original  = "orig/AA09.ps",  
  title     = "Blind Source Separation via Multinode Sparse Representation",
  booktitle = "Advances in Neural Information Processing Systems 14",
  editor    = "T. G. Dietterich and S. Becker and Z. Ghahramani",
  publisher = "MIT Press",
  address   = "Cambridge, MA",
  pages     = "1049-1056",
  year      = "2002",
}
@InProceedings{nips02-AA41,
  author    = "H. Zha and X. He and C. Ding and M. Gu and H. Simon",
  original  = "orig/AA41.ps",  
  title     = "Spectral Relaxation for K-means Clustering",
  booktitle = "Advances in Neural Information Processing Systems 14",
  editor    = "T. G. Dietterich and S. Becker and Z. Ghahramani",
  publisher = "MIT Press",
  address   = "Cambridge, MA",
  pages     = "1057-1064",
  year      = "2002",
}
@InProceedings{nips02-AA43,
  author    = "T. Zhang",
  original  = "orig/AA43.ps",  
  title     = "A General Greedy Approximation Algorithm with Applications",
  booktitle = "Advances in Neural Information Processing Systems 14",
  editor    = "T. G. Dietterich and S. Becker and Z. Ghahramani",
  publisher = "MIT Press",
  address   = "Cambridge, MA",
  pages     = "1065-1072",
  year      = "2002",
}
@InProceedings{nips02-AA11,
  author    = "Q. Zhang and S. A. Goldman",
  original  = "orig/AA11.ps",  
  title     = "EM-DD: An Improved Multiple-Instance Learning Technique",
  booktitle = "Advances in Neural Information Processing Systems 14",
  editor    = "T. G. Dietterich and S. Becker and Z. Ghahramani",
  publisher = "MIT Press",
  address   = "Cambridge, MA",
  pages     = "1073-1080",
  year      = "2002",
}
@InProceedings{nips02-AA13,
  author    = "J. Zhu and T. Hastie",
  original  = "orig/AA13.ps",  
  title     = "Kernel Logistic Regression and the Import Vector Machine",
  booktitle = "Advances in Neural Information Processing Systems 14",
  editor    = "T. G. Dietterich and S. Becker and Z. Ghahramani",
  publisher = "MIT Press",
  address   = "Cambridge, MA",
  pages     = "1081-1088",
  year      = "2002",
}
@InProceedings{nips02-IM05,
  author    = "A. Bofill and A. F. Murray and D. P. Thompson",
  original  = "orig/IM05.ps",  
  title     = "Citcuits for VLSI Implementation of Temporally Asymmetric Hebbian Learning",
  booktitle = "Advances in Neural Information Processing Systems 14",
  editor    = "T. G. Dietterich and S. Becker and Z. Ghahramani",
  publisher = "MIT Press",
  address   = "Cambridge, MA",
  pages     = "1091-1098",
  year      = "2002",
}
@InProceedings{nips02-IM03,
  author    = "R. Genov and G. Cauwenberghs",
  original  = "orig/IM03.ps",  
  title     = "Stochastic Mixed-Signal VLSI Architecture for High-Dimensional Kernel Machines",
  booktitle = "Advances in Neural Information Processing Systems 14",
  editor    = "T. G. Dietterich and S. Becker and Z. Ghahramani",
  publisher = "MIT Press",
  address   = "Cambridge, MA",
  pages     = "1099-1105",
  year      = "2002",
}
@InProceedings{nips02-IM02,
  author    = "S.-C. Liu and J. Kramer and G. Indiveri and T. Delbr\"{u}ck and R. Douglas",
  original  = "orig/IM02.ps",  
  title     = "Orientation-Selective aVLSI Spiking Neurons",
  booktitle = "Advances in Neural Information Processing Systems 14",
  editor    = "T. G. Dietterich and S. Becker and Z. Ghahramani",
  publisher = "MIT Press",
  address   = "Cambridge, MA",
  pages     = "1107-1114",
  year      = "2002",
}
@InProceedings{nips02-IM04,
  author    = "T. Morie and T. Matsuura and M. Nagata and A. Iwata",
  original  = "orig/IM04.ps",  
  title     = "An Efficient Clustering Algorithm Using Stochastic Association Model and Its Implementation Using Nanostructures",
  booktitle = "Advances in Neural Information Processing Systems 14",
  editor    = "T. G. Dietterich and S. Becker and Z. Ghahramani",
  publisher = "MIT Press",
  address   = "Cambridge, MA",
  pages     = "1115-1122",
  year      = "2002",
}
@InProceedings{nips02-IM01,
  author    = "A. P. Shon and D. Hsu and C. Diorio",
  original  = "orig/IM01.ps",  
  title     = "Learning Spike-Based Correlations and Conditional Probabilities in Silicon",
  booktitle = "Advances in Neural Information Processing Systems 14",
  editor    = "T. G. Dietterich and S. Becker and Z. Ghahramani",
  publisher = "MIT Press",
  address   = "Cambridge, MA",
  pages     = "1123-1130",
  year      = "2002",
}
@InProceedings{nips02-IM06
  author    = "T. Yamasaki and T. Shibata",
  original  = "orig/IM06.ps",  
  title     = "Analog Soft-Pattern-Matching Classifier using Floating-Gate MOS Technology",
  booktitle = "Advances in Neural Information Processing Systems 14",
  editor    = "T. G. Dietterich and S. Becker and Z. Ghahramani",
  publisher = "MIT Press",
  address   = "Cambridge, MA",
  pages     = "1131-1138",
  year      = "2002",
}
@InProceedings{nips02-SP01,
  author    = "J. Bilmes and G. Ji and M. Meila",
  original  = "orig/SP01.ps",  
  title     = "Intransitive Likelihood-Ratio Classifiers",
  booktitle = "Advances in Neural Information Processing Systems 14",
  editor    = "T. G. Dietterich and S. Becker and Z. Ghahramani",
  publisher = "MIT Press",
  address   = "Cambridge, MA",
  pages     = "1141-1148",
  year      = "2002",
}
@InProceedings{nips02-SP03,
  author    = "A. D. Brown and G. E. Hinton",
  original  = "orig/SP03.ps",  
  title     = "Relative Density Nets: A New Way to Combine Backpropagation with HMM's",
  booktitle = "Advances in Neural Information Processing Systems 14",
  editor    = "T. G. Dietterich and S. Becker and Z. Ghahramani",
  publisher = "MIT Press",
  address   = "Cambridge, MA",
  pages     = "1149-1156",
  year      = "2002",
}
@InProceedings{nips02-SP04,
  author    = "W. M. Campbell",
  original  = "orig/SP04.ps",  
  title     = "A Sequence Kernel and its Application to Speaker Recognition",
  booktitle = "Advances in Neural Information Processing Systems 14",
  editor    = "T. G. Dietterich and S. Becker and Z. Ghahramani",
  publisher = "MIT Press",
  address   = "Cambridge, MA",
  pages     = "1157-1163",
  year      = "2002",
}
@InProceedings{nips02-SP05,
  author    = "B. J. Frey and T. T. Kristjansson and L. Deng and A. Acero",
  original  = "orig/SP05.ps",  
  title     = "ALGONQUIN - Learning Dynamic Noise Models From Noisy Speech for Robust Speech Recognition",
  booktitle = "Advances in Neural Information Processing Systems 14",
  editor    = "T. G. Dietterich and S. Becker and Z. Ghahramani",
  publisher = "MIT Press",
  address   = "Cambridge, MA",
  pages     = "1165-1171",
  year      = "2002",
}
@InProceedings{nips02-SP09,
  author    = "J. Hershey and M. Casey",
  original  = "orig/SP09.ps",  
  title     = "Audio-Visual Sound Separation Via Hidden Markov Models",
  booktitle = "Advances in Neural Information Processing Systems 14",
  editor    = "T. G. Dietterich and S. Becker and Z. Ghahramani",
  publisher = "MIT Press",
  address   = "Cambridge, MA",
  pages     = "1173-1180",
  year      = "2002",
}
@InProceedings{nips02-SP08,
  author    = "F. Meinecke and A. Ziehe and M. Kawanabe and K.-R. M\"{u}ller",
  original  = "orig/SP08.ps",  
  title     = "Estimating the Reliability of ICA Projections",
  booktitle = "Advances in Neural Information Processing Systems 14",
  editor    = "T. G. Dietterich and S. Becker and Z. Ghahramani",
  publisher = "MIT Press",
  address   = "Cambridge, MA",
  pages     = "1181-1188",
  year      = "2002",
}
@InProceedings{nips02-SP07,
  author    = "S. Parveen and P. Green",
  original  = "orig/SP07.ps",  
  title     = "Speech Recognition with Missing Data using Recurrent Neural Nets",
  booktitle = "Advances in Neural Information Processing Systems 14",
  editor    = "T. G. Dietterich and S. Becker and Z. Ghahramani",
  publisher = "MIT Press",
  address   = "Cambridge, MA",
  pages     = "1189-1195",
  year      = "2002",
}
@InProceedings{nips02-SP02,
  author    = "N. Smith and M. Gales",
  original  = "orig/SP02.ps",  
  title     = "Speech Recognition using SVMs",
  booktitle = "Advances in Neural Information Processing Systems 14",
  editor    = "T. G. Dietterich and S. Becker and Z. Ghahramani",
  publisher = "MIT Press",
  address   = "Cambridge, MA",
  pages     = "1197-1204",
  year      = "2002",
}
@InProceedings{nips02-SP10,
  author    = "K. Yao and S. Nakamura",
  original  = "orig/SP10.ps",  
  title     = "Sequential Noise Compensation by Sequential Monte Carlo Method",
  booktitle = "Advances in Neural Information Processing Systems 14",
  editor    = "T. G. Dietterich and S. Becker and Z. Ghahramani",
  publisher = "MIT Press",
  address   = "Cambridge, MA",
  pages     = "1205-1212",
  year      = "2002",
}
@InProceedings{nips02-SP06,
  author    = "S. N. Wrigley and G. J. Brown",
  original  = "orig/SP06.ps",  
  title     = "A Neural Oscillator Model of Auditory Selective Attention",
  booktitle = "Advances in Neural Information Processing Systems 14",
  editor    = "T. G. Dietterich and S. Becker and Z. Ghahramani",
  publisher = "MIT Press",
  address   = "Cambridge, MA",
  pages     = "1213-1220",
  year      = "2002",
}
@InProceedings{nips02-VS02,
  author    = "B. T. Backus",
  original  = "orig/VS02.ps",  
  title     = "Perceptual Metamers in Stereoscopic Vision",
  booktitle = "Advances in Neural Information Processing Systems 14",
  editor    = "T. G. Dietterich and S. Becker and Z. Ghahramani",
  publisher = "MIT Press",
  address   = "Cambridge, MA",
  pages     = "1223-1230",
  year      = "2002",
}
@InProceedings{nips02-VS12,
  author    = "J. Coughlan and A. L. Yuille",
  original  = "orig/VS12.ps",  
  title     = "The g Factor: Relating Distributions on Features to Distributions on Images",
  booktitle = "Advances in Neural Information Processing Systems 14",
  editor    = "T. G. Dietterich and S. Becker and Z. Ghahramani",
  publisher = "MIT Press",
  address   = "Cambridge, MA",
  pages     = "1231-1238",
  year      = "2002",
}
@InProceedings{nips02-VS11,
  author    = "B. Heisele and T. Serre and M. Pontil and T. Vetter and T. Poggio",
  original  = "orig/VS11.ps",
  title     = "Categorization by Learning and Combining Object Parts",
  booktitle = "Advances in Neural Information Processing Systems 14",
  editor    = "T. G. Dietterich and S. Becker and Z. Ghahramani",
  publisher = "MIT Press",
  address   = "Cambridge, MA",
  pages     = "1239-1245",
  year      = "2002",
}
@InProceedings{nips02-VS04,
  author    = "L. Itti and J. Braun and C. Koch",
  original  = "orig/VS04.ps",  
  title     = "Modeling the Modulatory Effect of Attention on Human Spatial Vision",
  booktitle = "Advances in Neural Information Processing Systems 14",
  editor    = "T. G. Dietterich and S. Becker and Z. Ghahramani",
  publisher = "MIT Press",
  address   = "Cambridge, MA",
  pages     = "1247-1254",
  year      = "2002",
}
@InProceedings{nips02-VS07,
  author    = "M. Polito and P. Perona",
  original  = "orig/VS07.ps",  
  title     = "Grouping and dimensionality reduction by locally linear embedding",
  booktitle = "Advances in Neural Information Processing Systems 14",
  editor    = "T. G. Dietterich and S. Becker and Z. Ghahramani",
  publisher = "MIT Press",
  address   = "Cambridge, MA",
  pages     = "1255-1262",
  year      = "2002",
}
@InProceedings{nips02-VS06,
  author    = "R. Rosales and S. Sclaroff",
  original  = "orig/VS06.ps",  
  title     = "Learning Body Pose via Specialized Maps",
  booktitle = "Advances in Neural Information Processing Systems 14",
  editor    = "T. G. Dietterich and S. Becker and Z. Ghahramani",
  publisher = "MIT Press",
  address   = "Cambridge, MA",
  pages     = "1263-1270",
  year      = "2002",
}
@InProceedings{nips02-VS01,
  author    = "S. P. Sabatini and F. Solari and G. Andreani and C. Bartolozzi and G. M. Bisio",
  original  = "orig/VS01.ps", 
  title     = "A Hierarchical Model of Complex Cells in Visual Cortex for the Binocular Perception of Motion-in-Depth",
  booktitle = "Advances in Neural Information Processing Systems 14",
  editor    = "T. G. Dietterich and S. Becker and Z. Ghahramani",
  publisher = "MIT Press",
  address   = "Cambridge, MA",
  pages     = "1271-1278",
  year      = "2002",
}
@InProceedings{nips02-VS13,
  author    = "J. Sadr and S. Mukherjee and K. Thoresz and P. Sinha",
  original  = "orig/VS13.ps",  
  title     = "The Fidelity of Local Ordinal Encoding",
  booktitle = "Advances in Neural Information Processing Systems 14",
  editor    = "T. G. Dietterich and S. Becker and Z. Ghahramani",
  publisher = "MIT Press",
  address   = "Cambridge, MA",
  pages     = "1279-1286",
  year      = "2002",
}
@InProceedings{nips02-VS14,
  author    = "Y. Song and L. Goncalves and P. Perona",
  original  = "orig/VS14.ps",  
  title     = "Unsupervised Learning of Human Motion Models",
  booktitle = "Advances in Neural Information Processing Systems 14",
  editor    = "T. G. Dietterich and S. Becker and Z. Ghahramani",
  publisher = "MIT Press",
  address   = "Cambridge, MA",
  pages     = "1287-1294",
  year      = "2002",
}
@InProceedings{nips02-VS03,
  author    = "C. Stauffer and E. Miller and K. Tieu",
  original  = "orig/VS03.ps",  
  title     = "Transform-invariant Image Decomposition with Similarity Templates",
  booktitle = "Advances in Neural Information Processing Systems 14",
  editor    = "T. G. Dietterich and S. Becker and Z. Ghahramani",
  publisher = "MIT Press",
  address   = "Cambridge, MA",
  pages     = "1295-1302",
  year      = "2002",
}
@InProceedings{nips02-VS09,
  author    = "A. Torralba",
  original  = "orig/VS09.ps",  
  title     = "Contextual Modulation of Target Saliency",
  booktitle = "Advances in Neural Information Processing Systems 14",
  editor    = "T. G. Dietterich and S. Becker and Z. Ghahramani",
  publisher = "MIT Press",
  address   = "Cambridge, MA",
  pages     = "1303-1310",
  year      = "2002",
}
@InProceedings{nips02-VS08,
  author    = "P. Viola and M. Jones",
  original  = "orig/VS08.ps",  
  title     = "Fast and Robust Classification using Asymmetric AdaBoost and a Detector Cascade",
  booktitle = "Advances in Neural Information Processing Systems 14",
  editor    = "T. G. Dietterich and S. Becker and Z. Ghahramani",
  publisher = "MIT Press",
  address   = "Cambridge, MA",
  pages     = "1311-1318",
  year      = "2002",
}
@InProceedings{nips02-VS10,
  author    = "L. R. Williams and J. W. Zweck",
  original  = "orig/VS10.ps",  
  title     = "A Rotation and Translation Invariant Discrete Saliency Network",
  booktitle = "Advances in Neural Information Processing Systems 14",
  editor    = "T. G. Dietterich and S. Becker and Z. Ghahramani",
  publisher = "MIT Press",
  address   = "Cambridge, MA",
  pages     = "1319-1326",
  year      = "2002",
}
@InProceedings{nips02-VS05,
  author    = "S. X. Yu and J. Shi",
  original  = "orig/VS05.ps",  
  title     = "Grouping with Bias",
  booktitle = "Advances in Neural Information Processing Systems 14",
  editor    = "T. G. Dietterich and S. Becker and Z. Ghahramani",
  publisher = "MIT Press",
  address   = "Cambridge, MA",
  pages     = "1327-1334",
  year      = "2002",
}
@InProceedings{nips02-AP11,
  author    = "T. X. Brown",
  original  = "orig/AP11.ps",  
  title     = "Switch Packet Arbitration via Queue-Learning",
  booktitle = "Advances in Neural Information Processing Systems 14",
  editor    = "T. G. Dietterich and S. Becker and Z. Ghahramani",
  publisher = "MIT Press",
  address   = "Cambridge, MA",
  pages     = "1337-1344",
  year      = "2002",
}
@InProceedings{nips02-AP08,
  author    = "I. V. Cadez and P. S. Bradley",
  original  = "orig/AP08.ps",  
  title     = "Model Based Population Tracking and Automatic Detection of Distribution Changes",
  booktitle = "Advances in Neural Information Processing Systems 14",
  editor    = "T. G. Dietterich and S. Becker and Z. Ghahramani",
  publisher = "MIT Press",
  address   = "Cambridge, MA",
  pages     = "1345-1352",
  year      = "2002",
}
@InProceedings{nips02-AP06,
  author    = "I. V. Cadez and P. Smyth",
  original  = "orig/AP06.ps",  
  title     = "Bayesian Predictive Profiles With Applications to Retail Transaction Data",
  booktitle = "Advances in Neural Information Processing Systems 14",
  editor    = "T. G. Dietterich and S. Becker and Z. Ghahramani",
  publisher = "MIT Press",
  address   = "Cambridge, MA",
  pages     = "1353-1360",
  year      = "2002",
}
@InProceedings{nips02-AP09,
  author    = "A. T. Cemgil and B. Kappen",
  original  = "orig/AP09.ps",  
  title     = "Tempo tracking and rhythm quantization by sequential Monte Carlo",
  booktitle = "Advances in Neural Information Processing Systems 14",
  editor    = "T. G. Dietterich and S. Becker and Z. Ghahramani",
  publisher = "MIT Press",
  address   = "Cambridge, MA",
  pages     = "1361-1368",
  year      = "2002",
}
@InProceedings{nips02-AP15,
  author    = "N. Chapados and Y. Bengio and P. Vincent and J. Ghosn and C. Dugas and I. Takeuchi and L. Meng",
  original  = "orig/AP15.ps",  
  title     = "Estimating Car Insurance Premia: a Case Study in High-Dimensional Data Inference",
  booktitle = "Advances in Neural Information Processing Systems 14",
  editor    = "T. G. Dietterich and S. Becker and Z. Ghahramani",
  publisher = "MIT Press",
  address   = "Cambridge, MA",
  pages     = "1369-1376",
  year      = "2002",
}
@InProceedings{nips02-AP02,
  author    = "J. A. Franklin",
  original  = "orig/AP02.ps",  
  title     = "Improvisation and Learning",
  booktitle = "Advances in Neural Information Processing Systems 14",
  editor    = "T. G. Dietterich and S. Becker and Z. Ghahramani",
  publisher = "MIT Press",
  address   = "Cambridge, MA",
  pages     = "1377-1384",
  year      = "2002",
}
@InProceedings{nips02-AP13,
  author    = "T. L. Griffiths and J. B. Tenenbaum",
  original  = "orig/AP13.ps", 
  title     = "Using Vocabulary Knowledge in Bayesian Multinomial Estimation",
  booktitle = "Advances in Neural Information Processing Systems 14",
  editor    = "T. G. Dietterich and S. Becker and Z. Ghahramani",
  publisher = "MIT Press",
  address   = "Cambridge, MA",
  pages     = "1385-1392",
  year      = "2002",
}
@InProceedings{nips02-AP16,
  author    = "C. L. Isbell and C. R. Shelton and M. Kearns and S. Singh and P. Stone ",
  original  = "orig/AP16.ps",  
  title     = "Cobot: A Social Reinforcement Learning Agent",
  booktitle = "Advances in Neural Information Processing Systems 14",
  editor    = "T. G. Dietterich and S. Becker and Z. Ghahramani",
  publisher = "MIT Press",
  address   = "Cambridge, MA",
  pages     = "1393-1400",
  year      = "2002",
}
@InProceedings{nips02-AP05,
  author    = "N. D. Lawrence and A. I. T. Rowstron and C. M. Bishop and M. J. Taylor",
  original  = "orig/AP05.ps",  
  title     = "Optimising Synchronisation Times for Mobile Devices",
  booktitle = "Advances in Neural Information Processing Systems 14",
  editor    = "T. G. Dietterich and S. Becker and Z. Ghahramani",
  publisher = "MIT Press",
  address   = "Cambridge, MA",
  pages     = "1401-1408",
  year      = "2002",
}
@InProceedings{nips02-AP14,
  author    = "M. C. Mozer and R. Dodier and M. D. Colagrosso and C. Guerra-Salcedo and R. Wolniewicz",
  original  = "orig/AP14.ps",  
  title     = "Prodding the ROC Curve: Constrained Optimization of Classifier Performance",
  booktitle = "Advances in Neural Information Processing Systems 14",
  editor    = "T. G. Dietterich and S. Becker and Z. Ghahramani",
  publisher = "MIT Press",
  address   = "Cambridge, MA",
  pages     = "1409-1415",
  year      = "2002",
}
@InProceedings{nips02-AP07,
  author    = "J. Ontrup and H. Ritter",
  original  = "orig/AP07.ps",  
  title     = "Hyperbolic Self-Organizing Maps for Semantic Navigation",
  booktitle = "Advances in Neural Information Processing Systems 14",
  editor    = "T. G. Dietterich and S. Becker and Z. Ghahramani",
  publisher = "MIT Press",
  address   = "Cambridge, MA",
  pages     = "1417-1424",
  year      = "2002",
}
@InProceedings{nips02-AP03,
  author    = "J. C. Platt and C. J. C. Burges and S. Swenson and C. Weare and A. Zheng",
  original  = "orig/AP03.ps",  
  title     = "Learning a Gaussian Process Prior for Automatically Generating Music Playlists",
  booktitle = "Advances in Neural Information Processing Systems 14",
  editor    = "T. G. Dietterich and S. Becker and Z. Ghahramani",
  publisher = "MIT Press",
  address   = "Cambridge, MA",
  pages     = "1425-1432",
  year      = "2002",
}
@InProceedings{nips02-AP01,
  author    = "C. Raphael",
  original  = "orig/AP01.ps",  
  title     = "A Bayesian Network for Real-Time Musical Accompaniment",
  booktitle = "Advances in Neural Information Processing Systems 14",
  editor    = "T. G. Dietterich and S. Becker and Z. Ghahramani",
  publisher = "MIT Press",
  address   = "Cambridge, MA",
  pages     = "1433-1439",
  year      = "2002",
}
@InProceedings{nips02-AP17,
  author    = "M. Richardson and P. Domingos",
  original  = "orig/AP17.ps",  
  title     = "The Intelligent surfer: Probabilistic Combination of Link and Content Information in PageRank",
  booktitle = "Advances in Neural Information Processing Systems 14",
  editor    = "T. G. Dietterich and S. Becker and Z. Ghahramani",
  publisher = "MIT Press",
  address   = "Cambridge, MA",
  pages     = "1441-1448",
  year      = "2002",
}
@InProceedings{nips02-AP10,
  author    = "M. K. Warmuth and G. R\"{a}tsch and M. Mathieson and J. Liao and C. Lemmen",
  original  = "orig/AP10.ps",  
  title     = "Active Learning in the Drug Discovery Process",
  booktitle = "Advances in Neural Information Processing Systems 14",
  editor    = "T. G. Dietterich and S. Becker and Z. Ghahramani",
  publisher = "MIT Press",
  address   = "Cambridge, MA",
  pages     = "1449-1456",
  year      = "2002",
}
@InProceedings{nips02-AP12,
  author    = "M.-H. Yang",
  original  = "orig/AP12.ps",  
  title     = "Face Recognition Using Kernel Methods",
  booktitle = "Advances in Neural Information Processing Systems 14",
  editor    = "T. G. Dietterich and S. Becker and Z. Ghahramani",
  publisher = "MIT Press",
  address   = "Cambridge, MA",
  pages     = "1457-1464",
  year      = "2002",
}
@InProceedings{nips02-AP04,
  author    = "H.-G. Zimmermann and R. Neuneier and R. Grothmann",
  original  = "orig/AP04.ps",  
  title     = "Active Portfolio-Management based on Error Correction Neural Networks",
  booktitle = "Advances in Neural Information Processing Systems 14",
  editor    = "T. G. Dietterich and S. Becker and Z. Ghahramani",
  publisher = "MIT Press",
  address   = "Cambridge, MA",
  pages     = "1465-1472",
  year      = "2002",
}
@InProceedings{nips02-CN05,
  author    = "B. Bakker",
  original  = "orig/CN05.ps",  
  title     = "Reinforcement Learning with Long Short-Term Memory",
  booktitle = "Advances in Neural Information Processing Systems 14",
  editor    = "T. G. Dietterich and S. Becker and Z. Ghahramani",
  publisher = "MIT Press",
  address   = "Cambridge, MA",
  pages     = "1475-1482",
  year      = "2002",
}
@InProceedings{nips02-CN15,
  author    = "Y.-H. Chang and L. P. Kaelbling",
  original  = "orig/CN15.ps",  
  title     = "Playing is believing: The role of beliefs in multi-agent learning",
  booktitle = "Advances in Neural Information Processing Systems 14",
  editor    = "T. G. Dietterich and S. Becker and Z. Ghahramani",
  publisher = "MIT Press",
  address   = "Cambridge, MA",
  pages     = "1483-1490",
  year      = "2002",
}
@InProceedings{nips02-CN10,
  author    = "T. G. Dietterich and X. Wang",
  original  = "orig/CN10.ps",  
  title     = "Batch Value Function Approximation via Support Vectors",
  booktitle = "Advances in Neural Information Processing Systems 14",
  editor    = "T. G. Dietterich and S. Becker and Z. Ghahramani",
  publisher = "MIT Press",
  address   = "Cambridge, MA",
  pages     = "1491-1498",
  year      = "2002",
}
@InProceedings{nips02-CN04,
  author    = "E. Even-Dar and Y. Mansour",
  original  = "orig/CN04.ps",  
  title     = "Convergence of Optimistic and Incremental Q-Learning",
  booktitle = "Advances in Neural Information Processing Systems 14",
  editor    = "T. G. Dietterich and S. Becker and Z. Ghahramani",
  publisher = "MIT Press",
  address   = "Cambridge, MA",
  pages     = "1499-1506",
  year      = "2002",
}
@InProceedings{nips02-CN02,
  author    = "E. Greensmith and P. L. Bartlett and J. Baxter",
  original  = "orig/CN02.ps",  
  title     = "Variance Reduction Techniques for Gradient Estimates in Reinforcement Learning",
  booktitle = "Advances in Neural Information Processing Systems 14",
  editor    = "T. G. Dietterich and S. Becker and Z. Ghahramani",
  publisher = "MIT Press",
  address   = "Cambridge, MA",
  pages     = "1507-1514",
  year      = "2002",
}
@InProceedings{nips02-CN08,
  author    = "G. Z. Grudic and L. H. Ungar",
  original  = "orig/CN08.ps",  
  title     = "Rates of Convergence of Performance Gradient Estimates Using Function Approximation and Bias in Reinforcement Learning",
  booktitle = "Advances in Neural Information Processing Systems 14",
  editor    = "T. G. Dietterich and S. Becker and Z. Ghahramani",
  publisher = "MIT Press",
  address   = "Cambridge, MA",
  pages     = "1515-1522",
  year      = "2002",
}
@InProceedings{nips02-CN01,
  author    = "C. Guestrin and D. Koller and R. Parr",
  original  = "orig/CN01.ps",  
  title     = "Multiagent Planning with Factored MDPs",
  booktitle = "Advances in Neural Information Processing Systems 14",
  editor    = "T. G. Dietterich and S. Becker and Z. Ghahramani",
  publisher = "MIT Press",
  address   = "Cambridge, MA",
  pages     = "1523-1530",
  year      = "2002",
}
@InProceedings{nips02-CN11,
  author    = "S. Kakade",
  original  = "orig/CN11.ps",  
  title     = "A Natural Policy Gradient",
  booktitle = "Advances in Neural Information Processing Systems 14",
  editor    = "T. G. Dietterich and S. Becker and Z. Ghahramani",
  publisher = "MIT Press",
  address   = "Cambridge, MA",
  pages     = "1531-1538",
  year      = "2002",
}
@InProceedings{nips02-CN09,
  author    = "S. Koenig and M. Likhachev",
  original  = "orig/CN09.ps",  
  title     = "Incremental A*",
  booktitle = "Advances in Neural Information Processing Systems 14",
  editor    = "T. G. Dietterich and S. Becker and Z. Ghahramani",
  publisher = "MIT Press",
  address   = "Cambridge, MA",
  pages     = "1539-1546",
  year      = "2002",
}
@InProceedings{nips02-CN13,
  author    = "M. G. Lagoudakis and R. Parr",
  original  = "orig/CN13.ps",  
  title     = "Model-Free Least-Squares Policy Iteration",
  booktitle = "Advances in Neural Information Processing Systems 14",
  editor    = "T. G. Dietterich and S. Becker and Z. Ghahramani",
  publisher = "MIT Press",
  address   = "Cambridge, MA",
  pages     = "1547-1554",
  year      = "2002",
}
@InProceedings{nips02-CN12,
  author    = "M. L. Littman and R. S. Sutton and S. Singh",
  original  = "orig/CN12.ps",  
  title     = "Predictive Representations of State",
  booktitle = "Advances in Neural Information Processing Systems 14",
  editor    = "T. G. Dietterich and S. Becker and Z. Ghahramani",
  publisher = "MIT Press",
  address   = "Cambridge, MA",
  pages     = "1555-1561",
  year      = "2002",
}
@InProceedings{nips02-CN06,
  author    = "S. Mannor and N. Shimkin",
  original  = "orig/CN06.ps",  
  title     = "The Steering Approach for Multi-Criteria Reinforcement Learning",
  booktitle = "Advances in Neural Information Processing Systems 14",
  editor    = "T. G. Dietterich and S. Becker and Z. Ghahramani",
  publisher = "MIT Press",
  address   = "Cambridge, MA",
  pages     = "1563-1570",
  year      = "2002",
}
@InProceedings{nips02-CN03,
  author    = "R. Munos",
  original  = "orig/CN03.ps",  
  title     = "Efficient Resources Allocation for Markov Decision Processes",
  booktitle = "Advances in Neural Information Processing Systems 14",
  editor    = "T. G. Dietterich and S. Becker and Z. Ghahramani",
  publisher = "MIT Press",
  address   = "Cambridge, MA",
  pages     = "1571-1578",
  year      = "2002",
}
@InProceedings{nips02-CN14,
  author    = "D. Schuurmans and R. Patrascu",
  original  = "orig/CN14.ps",  
  title     = "Direct value-approximation for factored MDPs",
  booktitle = "Advances in Neural Information Processing Systems 14",
  editor    = "T. G. Dietterich and S. Becker and Z. Ghahramani",
  publisher = "MIT Press",
  address   = "Cambridge, MA",
  pages     = "1579-1586",
  year      = "2002",
}
@InProceedings{nips02-CN07,
  author    = "X. Wang and T. G. Dietterich",
  original  = "orig/CN07.ps",
  title     = "Stabilizing Value Function Approximation with the BFBP Algorithm",
  booktitle = "Advances in Neural Information Processing Systems 14",
  editor    = "T. G. Dietterich and S. Becker and Z. Ghahramani",
  publisher = "MIT Press",
  address   = "Cambridge, MA",
  pages     = "1587-1594",
  year      = "2002",
}