@article{einstein,
    author =       "Albert Einstein",
    title =        "{Zur Elektrodynamik bewegter K{\"o}rper}. ({German})
    [{On} the electrodynamics of moving bodies]",
    journal =      "Annalen der Physik",
    volume =       "322",
    number =       "10",
    pages =        "891--921",
    year =         "1905",
    DOI =          "http://dx.doi.org/10.1002/andp.19053221004",
    keywords =     "physics"
}

@book{AntonELA10th,
    title="Elementary Linear Algebra",
    author="Howard Anton",
    isbn={978-0470458211},
    series={International series of monographs on physics},
    year={2010},
    publisher={John Wiley \& Sons},
    keywords = {mathematics}
}
 
@article{smith1997scientist,
  added-at = {2012-09-27T11:44:26.000+0200},
  author = {Smith, S.W. and others},
  biburl = {http://www.bibsonomy.org/bibtex/21dc7cdb27a939808d11bcbd34e603b8a/bovansnow},
  interhash = {cf3671c72c797c40bc3a0826b7d92f8a},
  intrahash = {1dc7cdb27a939808d11bcbd34e603b8a},
  keywords = {DSP filters processing signal},
  publisher = {California Technical Pub. San Diego},
  timestamp = {2012-09-27T11:44:26.000+0200},
  title = {The scientist and engineer's guide to digital signal processing},
  year = 1997
}

@book{smith1997dspbook,
    title="The Scientist and Engineer's Guide to Digital Signal Processing",
    author="Steven W. Smith, Ph.D.",
    isbn={0-9660176-3-3},
    year={1997},
    publisher={California Technical Publishing San Diego, CA, USA},
    url= "http://www.dspguide.com/",
    keywords = {DSP filters processing signal}
}


@online{owiki-covariance,
    author    = "WIKIPEDIA",
    title     = "covariance matrix",
    url       = "//http://en.wikipedia.org/wiki/Covariance_matrix",
    keywords  = "wiki,covariance, matrix"
}
 
@inbook{knuth-fa,
    author = "Donald E. Knuth",
    title = "Fundamental Algorithms",
    publisher = "Addison-Wesley",
    year = "1973",
    chapter = "1.2",
    keywords  = "knuth,programming"
}

@misc{wiki-covariance,
  author = {WIKIPEDIA},
  title = {{covariance matrix}},
  howpublished = "\url{http://en.wikipedia.org/wiki/Covariance_matrix}",
  year = {2014}, 
  note = "[Online; accessed 24-October-2014]"
}

@misc{STAT-covariance,
  author = {STATTREK},
  title = {{Covariance Matrix}},
  howpublished = "\url{http://stattrek.com/matrix-algebra/covariance-matrix.aspx}",
  year = {2014}, 
  note = "[Online; accessed 24-October-2014]"
}
@article{DBLP:journals/corr/LiaoJL14,
  author    = {Shengcai Liao and
               Anil K. Jain and
               Stan Z. Li},
  title     = {A Fast and Accurate Unconstrained Face Detector},
  journal   = {CoRR},
  year      = {2014},
  volume    = {abs/1408.1656},
  url       = {http://arxiv.org/abs/1408.1656},
  timestamp = {Tue, 11 Nov 2014 02:50:05 +0100},
  biburl    = {http://dblp.uni-trier.de/rec/bib/journals/corr/LiaoJL14},
  bibsource = {dblp computer science bibliography, http://dblp.org}
}
@INPROCEEDINGS{Mathias2014Eccv,
  author = {M. Mathias and R. Benenson and M. Pedersoli and L. {Van Gool}},
  title = {Face detection without bells and whistles},
  booktitle = {ECCV},
  year = {2014}
}
@inproceedings{Trzcinski12,
  author = {T. Trzcinski and V. Lepetit},
  title = {{Efficient Discriminative Projections for Compact Binary Descriptors}},
  booktitle = "European Conference on Computer Vision",
  year = 2012 
}
@InProceedings{dantone_2012_rtffd,
author = {M. Dantone and J. Gall and G. Fanelli and L. Van Gool},
title = {Real-time Facial Feature Detection using Conditional Regression Forests },
booktitle = {CVPR},
year = {2012},
keywords = {facial feature detection, conditional random forest}
}
@inproceedings{Calonder10-brief,
       author = "M. Calonder and V. Lepetit and C. Strecha and P. Fua",
       title = {{BRIEF: Binary Robust Independent Elementary Features}},
       booktitle = "European Conference on Computer Vision",
       month = "September",
       year = 2010
    }
@inproceedings{Trzcinski12,
  author = {T. Trzcinski, M. Christoudias, V. Lepetit and P. Fua},
  title = {{Learning Image Descriptors with the Boosting-Trick}},
  booktitle = "{NIPS}",
  year = 2012 }
@inproceedings{Trzcinski13a,
  author = {T. Trzcinski, M. Christoudias, V. Lepetit and P. Fua},
  title = {{Boosting Binary Keypoint Descriptors}},
  booktitle = "Computer Vision and Pattern Recognition",
  year = 2013 }
@article{Trzcinski13b,
    author = {T. Trzcinski, M. Christoudias and V. Lepetit},
    title = {{Learning Image Descriptors with Boosting}},
    journal = "submitted to IEEE Transactions on Pattern Analysis and Machine Intelligence (PAMI)",
    year = 2013 }
@article{Calonder12,
    author = {M. Calonder and V. Lepetit and M. Ozuysal and T. Trzcinski and C. Strecha and P. Fua},
    title = {{{BRIEF}: Computing a Local Binary Descriptor Very Fast}},
    journal = "IEEE Transactions on Pattern Analysis and Machine Intelligence",
    year = 2012,
    volume = 34,
    number = 7, 
    pages = "1281--1298" 
}
@MISC{test1,
title = {Reference test1}
}
@MISC{test2,
title = {Reference test2}
}
@MISC{test3,
title = {Reference test3}
}
